@book{html,
author = "Matthew David",
title = "HTML5",
subtitle = "Designing Rich Internet Applications",
publisher = "Elsevier",
edition = "1",
year = "2010",
pages = "285",
isbn = "978-0-240-81328-8",
}

@book{slovnik,
author = "Jan Kábrt",
title = "Latinsko-èeský slovník",
publisher = "Leda",
edition = "1",
address = "Praha",
year = "2000",
pages = "575",
isbn = "80-859-2782-9",
}

@misc{vades,
author = "Martin Vach",
title = "Typografie je nedílnou souèástí úspì¹ného webu",
howpublished = "online",
revised = "2003-2010",
cited =  "!2011-04-20",
url = "http://www.vades.cz/",
}

@misc{typomil,
author = "Martin Pecina",
title = "Typomil.com",
howpublished = "online",
revised = "2004-205",
cited =  "!2011-04-20",
url = "http://www.typomil.com/",
}

@misc{normy,
author = "Kamil Kopecký",
title = "Základní typografická pravidla",
howpublished = "online",
revised = "2002-2006",
cited =  "!2011-04-20",
url = "http://cestina.upol.cz/articles.php?id=8043bcd1-6aeb-102a-851c-648673ad0b2e",
}

@masterthesis{diplom1,
author = "Jiøí Moèièka",
title = "Digitální typografie",
school = "Vysoké uèení technické v Brnì",
address = "Brno",
year = "2005",
pages = "134",
}

@masterthesis{diplom2,
author = "Marek ®áèek",
title = "Systém pro podporu tvorby elektronických publikací",
school = "Vysoké uèení technické v Brnì",
address = "Brno",
year = "2006",
pages = "53",
}

@article{casopis,
journal = "TYPO: typografie, grafický design, vizuální komunikace",
address = "Praha",
publisher = "Svìt tisku",
year = "2003-",
issn = "1214-0716",
}

@article{clanek1:word,
author = "Amber M. Buck",
title = "The Invisible Interface: MS Word in the Writing Center",
journal = "Computers and Composition",
edition = "25",
number = "4",
year = "2008",
pages = "396-415",
issn = "8755-4615",
}

@article{clanek2:latex,
author = "Kim Johnson",
title = "LaTex for the Timid",
journal = "Linux Journal",
edition = "18",
number = "4",
year = "1995",
note = "Article No. 4",
issn = "1075-3583",
}
